<record><leader>00000cas a22000007a 4500</leader><controlfield tag="001">11702879</controlfield><controlfield tag="008">850216d18821916mauwr ne      0    0eng d</controlfield><datafield ind1=" " ind2=" " tag="010"><subfield code="a">sn 85033152 </subfield></datafield><datafield ind1=" " ind2=" " tag="040"><subfield code="a">NPU</subfield><subfield code="b">eng</subfield><subfield code="c">NPU</subfield><subfield code="d">DEX</subfield><subfield code="d">MGN</subfield><subfield code="d">NYS</subfield><subfield code="d">OCLCQ</subfield></datafield><datafield ind1=" " ind2=" " tag="042"><subfield code="a">msc</subfield></datafield><datafield ind1="0" ind2=" " tag="130"><subfield code="a">North Adams transcript (North Adams, Mass. : Weekly)</subfield></datafield><datafield ind1="1" ind2="4" tag="245"><subfield code="a">The North Adams transcript.</subfield></datafield><datafield ind1=" " ind2=" " tag="260"><subfield code="a">North Adams, Mass. :</subfield><subfield code="b">James T. Robinson &amp; Son</subfield></datafield><datafield ind1=" " ind2=" " tag="300"><subfield code="a">v. ;</subfield><subfield code="c">63-76 cm.</subfield></datafield><datafield ind1=" " ind2=" " tag="310"><subfield code="a">Weekly</subfield></datafield><datafield ind1="0" ind2=" " tag="362"><subfield code="a">Vol. 43, no. 6 (Dec. 21, 1882)-</subfield></datafield><datafield ind1="1" ind2=" " tag="362"><subfield code="a">Ceased in Dec. 1916.</subfield></datafield><datafield ind1=" " ind2=" " tag="580"><subfield code="a">Daily ed.: North Adams transcript (North Adams, Mass. : Daily), 1895-1916.</subfield></datafield><datafield ind1=" " ind2=" " tag="752"><subfield code="a">United States</subfield><subfield code="b">Massachusetts</subfield><subfield code="c">Berkshire</subfield><subfield code="d">North Adams.</subfield></datafield><datafield ind1="1" ind2=" " tag="775"><subfield code="t">North Adams transcript (North Adams, Mass. : Daily)</subfield><subfield code="w">(DLC)sn 86071764</subfield></datafield><datafield ind1="0" ind2="0" tag="780"><subfield code="t">Adams transcript (North Adams, Mass. : 1886)</subfield><subfield code="w">(DLC)sn 89063340</subfield></datafield></record>